%% This BibTeX bibliography file was created using BibDesk.
%% https://bibdesk.sourceforge.io/

%% Created for Patrick Poetto at 2023-06-13 00:10:35 +0200 


%% Saved with string encoding Unicode (UTF-8) 



@book{Han,
	author = {Han, Jiawei, et. all.},
	date-added = {2023-06-12 23:55:44 +0200},
	date-modified = {2023-06-13 00:10:16 +0200},
	publisher = {Morgan Kaufmann Publishers},
	title = {Data Mining Concepts and Techniques},
	year = {2023},
	bdsk-file-1 = {YnBsaXN0MDDSAQIDBFxyZWxhdGl2ZVBhdGhZYWxpYXNEYXRhXxCxRmluYWxfcmVmZXJlbmNlcy82LiAoVGhlIE1vcmdhbiBLYXVmbWFubiBTZXJpZXMgaW4gRGF0YSBNYW5hZ2VtZW50IFN5c3RlbXMpIEppYXdlaSBIYW4sIEppYW4gUGVpLCBIYW5naGFuZyBUb25nIC0gRGF0YSBNaW5pbmdfIENvbmNlcHRzIGFuZCBUZWNobmlxdWVzLU1vcmdhbiBLYXVmbWFubiAoMjAyMikucGRmTxEEBAAAAAAEBAACAAAMTWFjaW50b3NoIEhEAAAAAAAAAAAAAAAAAAAA4Ap9+UJEAAH/////HzYuIChUaGUgTW9yZ2FuIEthdSNGRkZGRkZGRi5wZGYAAAAAAAAAAAAAAAAAAAAAAAAAAAAAAAAAAAAAAAAAAP/////grJKKAAAAAAAAAAAAAQADAAAKIGN1AAAAAAAAAAAAAAAAABBGaW5hbF9yZWZlcmVuY2VzAAIA7y86VXNlcnM6cGF0OkRvY3VtZW50czpHaXRIdWI6Q29tcHV0YXRpb25hbC1zdGF0OkZpbmFsIHByb2plY3Q6RmluYWxfcmVmZXJlbmNlczo2LiAoVGhlIE1vcmdhbiBLYXVmbWFubiBTZXJpZXMgaW4gRGF0YSBNYW5hZ2VtZW50IFN5c3RlbXMpIEppYXdlaSBIYW4sIEppYW4gUGVpLCBIYW5naGFuZyBUb25nIC0gRGF0YSBNaW5pbmdfIENvbmNlcHRzIGFuZCBUZWNobmlxdWVzLU1vcmdhbiBLYXVmbWFubiAoMjAyMikucGRmAAAOAUIAoAA2AC4AIAAoAFQAaABlACAATQBvAHIAZwBhAG4AIABLAGEAdQBmAG0AYQBuAG4AIABTAGUAcgBpAGUAcwAgAGkAbgAgAEQAYQB0AGEAIABNAGEAbgBhAGcAZQBtAGUAbgB0ACAAUwB5AHMAdABlAG0AcwApACAASgBpAGEAdwBlAGkAIABIAGEAbgAsACAASgBpAGEAbgAgAFAAZQBpACwAIABIAGEAbgBnAGgAYQBuAGcAIABUAG8AbgBnACAALQAgAEQAYQB0AGEAIABNAGkAbgBpAG4AZwBfACAAQwBvAG4AYwBlAHAAdABzACAAYQBuAGQAIABUAGUAYwBoAG4AaQBxAHUAZQBzAC0ATQBvAHIAZwBhAG4AIABLAGEAdQBmAG0AYQBuAG4AIAAoADIAMAAyADIAKQAuAHAAZABmAA8AGgAMAE0AYQBjAGkAbgB0AG8AcwBoACAASABEABIA7VVzZXJzL3BhdC9Eb2N1bWVudHMvR2l0SHViL0NvbXB1dGF0aW9uYWwtc3RhdC9GaW5hbCBwcm9qZWN0L0ZpbmFsX3JlZmVyZW5jZXMvNi4gKFRoZSBNb3JnYW4gS2F1Zm1hbm4gU2VyaWVzIGluIERhdGEgTWFuYWdlbWVudCBTeXN0ZW1zKSBKaWF3ZWkgSGFuLCBKaWFuIFBlaSwgSGFuZ2hhbmcgVG9uZyAtIERhdGEgTWluaW5nXyBDb25jZXB0cyBhbmQgVGVjaG5pcXVlcy1Nb3JnYW4gS2F1Zm1hbm4gKDIwMjIpLnBkZgAAEwABLwAAFQACAAr//wAAAAgADQAaACQA2AAAAAAAAAIBAAAAAAAAAAUAAAAAAAAAAAAAAAAAAATg}}

@book{Kuhn,
	author = {Kuhn, Max, et. all.},
	date-added = {2023-06-12 23:53:19 +0200},
	date-modified = {2023-06-13 00:10:32 +0200},
	publisher = {Springer},
	title = {Applied Predictive Modeling},
	year = {2016},
	bdsk-file-1 = {YnBsaXN0MDDSAQIDBFxyZWxhdGl2ZVBhdGhZYWxpYXNEYXRhXxBeRmluYWxfcmVmZXJlbmNlcy81LiBLdWhuLCBNYXhfSm9obnNvbiwgS2plbGwgLSBBcHBsaWVkIFByZWRpY3RpdmUgTW9kZWxpbmctU3ByaW5nZXIgKDIwMTgpLnBkZk8RArYAAAAAArYAAgAADE1hY2ludG9zaCBIRAAAAAAAAAAAAAAAAAAAAOAKfflCRAAB/////x81LiBLdWhuLCBNYXhfSm9obnMjRkZGRkZGRkYucGRmAAAAAAAAAAAAAAAAAAAAAAAAAAAAAAAAAAAAAAAAAAD/////4KySigAAAAAAAAAAAAEAAwAACiBjdQAAAAAAAAAAAAAAAAAQRmluYWxfcmVmZXJlbmNlcwACAJwvOlVzZXJzOnBhdDpEb2N1bWVudHM6R2l0SHViOkNvbXB1dGF0aW9uYWwtc3RhdDpGaW5hbCBwcm9qZWN0OkZpbmFsX3JlZmVyZW5jZXM6NS4gS3VobiwgTWF4X0pvaG5zb24sIEtqZWxsIC0gQXBwbGllZCBQcmVkaWN0aXZlIE1vZGVsaW5nLVNwcmluZ2VyICgyMDE4KS5wZGYADgCcAE0ANQAuACAASwB1AGgAbgAsACAATQBhAHgAXwBKAG8AaABuAHMAbwBuACwAIABLAGoAZQBsAGwAIAAtACAAQQBwAHAAbABpAGUAZAAgAFAAcgBlAGQAaQBjAHQAaQB2AGUAIABNAG8AZABlAGwAaQBuAGcALQBTAHAAcgBpAG4AZwBlAHIAIAAoADIAMAAxADgAKQAuAHAAZABmAA8AGgAMAE0AYQBjAGkAbgB0AG8AcwBoACAASABEABIAmlVzZXJzL3BhdC9Eb2N1bWVudHMvR2l0SHViL0NvbXB1dGF0aW9uYWwtc3RhdC9GaW5hbCBwcm9qZWN0L0ZpbmFsX3JlZmVyZW5jZXMvNS4gS3VobiwgTWF4X0pvaG5zb24sIEtqZWxsIC0gQXBwbGllZCBQcmVkaWN0aXZlIE1vZGVsaW5nLVNwcmluZ2VyICgyMDE4KS5wZGYAEwABLwAAFQACAAr//wAAAAgADQAaACQAhQAAAAAAAAIBAAAAAAAAAAUAAAAAAAAAAAAAAAAAAAM/}}

@book{Seni,
	author = {Seni, Giovanni, et. all.},
	date-added = {2023-06-12 23:50:16 +0200},
	date-modified = {2023-06-13 00:10:04 +0200},
	editor = {Robert Grossman, University of Illinois, Chicago},
	publisher = {Morgan&Claypool Publishers},
	series = {Synthesis Lectures on Data Mining and Knowledge Discovery},
	title = {Ensemble Methods in Data Mining: Improving Accuracy Through Combining Predictions},
	year = {2010},
	bdsk-file-1 = {YnBsaXN0MDDSAQIDBFxyZWxhdGl2ZVBhdGhZYWxpYXNEYXRhXxDIRmluYWxfcmVmZXJlbmNlcy80LiBHaW92YW5uaSBTZW5pLCBKb2huIEVsZGVyIC0gRW5zZW1ibGUgTWV0aG9kcyBpbiBEYXRhIE1pbmluZ18gSW1wcm92aW5nIEFjY3VyYWN5IFRocm91Z2ggQ29tYmluaW5nIFByZWRpY3Rpb25zIChTeW50aGVzaXMgTGVjdHVyZXMgb24gRGF0YSBNaW5pbmcgYW5kIEtub3dsZWRnZSBEaXNjb3ZlcnkpICgyMDEwKS5wZGZPEQReAAAAAAReAAIAAAxNYWNpbnRvc2ggSEQAAAAAAAAAAAAAAAAAAADgCn35QkQAAf////8fNC4gR2lvdmFubmkgU2VuaSwgI0ZGRkZGRkZGLnBkZgAAAAAAAAAAAAAAAAAAAAAAAAAAAAAAAAAAAAAAAAAA/////+CskooAAAAAAAAAAAABAAMAAAogY3UAAAAAAAAAAAAAAAAAEEZpbmFsX3JlZmVyZW5jZXMAAgEGLzpVc2VyczpwYXQ6RG9jdW1lbnRzOkdpdEh1YjpDb21wdXRhdGlvbmFsLXN0YXQ6RmluYWwgcHJvamVjdDpGaW5hbF9yZWZlcmVuY2VzOjQuIEdpb3Zhbm5pIFNlbmksIEpvaG4gRWxkZXIgLSBFbnNlbWJsZSBNZXRob2RzIGluIERhdGEgTWluaW5nXyBJbXByb3ZpbmcgQWNjdXJhY3kgVGhyb3VnaCBDb21iaW5pbmcgUHJlZGljdGlvbnMgKFN5bnRoZXNpcyBMZWN0dXJlcyBvbiBEYXRhIE1pbmluZyBhbmQgS25vd2xlZGdlIERpc2NvdmVyeSkgKDIwMTApLnBkZgAOAXAAtwA0AC4AIABHAGkAbwB2AGEAbgBuAGkAIABTAGUAbgBpACwAIABKAG8AaABuACAARQBsAGQAZQByACAALQAgAEUAbgBzAGUAbQBiAGwAZQAgAE0AZQB0AGgAbwBkAHMAIABpAG4AIABEAGEAdABhACAATQBpAG4AaQBuAGcAXwAgAEkAbQBwAHIAbwB2AGkAbgBnACAAQQBjAGMAdQByAGEAYwB5ACAAVABoAHIAbwB1AGcAaAAgAEMAbwBtAGIAaQBuAGkAbgBnACAAUAByAGUAZABpAGMAdABpAG8AbgBzACAAKABTAHkAbgB0AGgAZQBzAGkAcwAgAEwAZQBjAHQAdQByAGUAcwAgAG8AbgAgAEQAYQB0AGEAIABNAGkAbgBpAG4AZwAgAGEAbgBkACAASwBuAG8AdwBsAGUAZABnAGUAIABEAGkAcwBjAG8AdgBlAHIAeQApACAAKAAyADAAMQAwACkALgBwAGQAZgAPABoADABNAGEAYwBpAG4AdABvAHMAaAAgAEgARAASAQRVc2Vycy9wYXQvRG9jdW1lbnRzL0dpdEh1Yi9Db21wdXRhdGlvbmFsLXN0YXQvRmluYWwgcHJvamVjdC9GaW5hbF9yZWZlcmVuY2VzLzQuIEdpb3Zhbm5pIFNlbmksIEpvaG4gRWxkZXIgLSBFbnNlbWJsZSBNZXRob2RzIGluIERhdGEgTWluaW5nXyBJbXByb3ZpbmcgQWNjdXJhY3kgVGhyb3VnaCBDb21iaW5pbmcgUHJlZGljdGlvbnMgKFN5bnRoZXNpcyBMZWN0dXJlcyBvbiBEYXRhIE1pbmluZyBhbmQgS25vd2xlZGdlIERpc2NvdmVyeSkgKDIwMTApLnBkZgATAAEvAAAVAAIACv//AAAACAANABoAJADvAAAAAAAAAgEAAAAAAAAABQAAAAAAAAAAAAAAAAAABVE=}}

@book{Bishop,
	author = {Christopher M. Bishop},
	date-added = {2023-06-12 23:46:38 +0200},
	date-modified = {2023-06-12 23:49:54 +0200},
	editor = {M. Jordan},
	publisher = {Springer},
	series = {Information Science and Statistics},
	title = {Pattern Recognition and Machine Learning},
	year = {2006},
	bdsk-file-1 = {YnBsaXN0MDDSAQIDBFxyZWxhdGl2ZVBhdGhZYWxpYXNEYXRhXxBoRmluYWxfcmVmZXJlbmNlcy8zLiBDaHJpc3RvcGhlciBNLiBCaXNob3AgLSBQYXR0ZXJuIFJlY29nbml0aW9uIGFuZCBNYWNoaW5lIExlYXJuaW5nLVNwcmluZ2VyICgyMDExKS5wZGZPEQLeAAAAAALeAAIAAAxNYWNpbnRvc2ggSEQAAAAAAAAAAAAAAAAAAADgCn35QkQAAf////8fMy4gQ2hyaXN0b3BoZXIgTS4gI0ZGRkZGRkZGLnBkZgAAAAAAAAAAAAAAAAAAAAAAAAAAAAAAAAAAAAAAAAAA/////+CskooAAAAAAAAAAAABAAMAAAogY3UAAAAAAAAAAAAAAAAAEEZpbmFsX3JlZmVyZW5jZXMAAgCmLzpVc2VyczpwYXQ6RG9jdW1lbnRzOkdpdEh1YjpDb21wdXRhdGlvbmFsLXN0YXQ6RmluYWwgcHJvamVjdDpGaW5hbF9yZWZlcmVuY2VzOjMuIENocmlzdG9waGVyIE0uIEJpc2hvcCAtIFBhdHRlcm4gUmVjb2duaXRpb24gYW5kIE1hY2hpbmUgTGVhcm5pbmctU3ByaW5nZXIgKDIwMTEpLnBkZgAOALAAVwAzAC4AIABDAGgAcgBpAHMAdABvAHAAaABlAHIAIABNAC4AIABCAGkAcwBoAG8AcAAgAC0AIABQAGEAdAB0AGUAcgBuACAAUgBlAGMAbwBnAG4AaQB0AGkAbwBuACAAYQBuAGQAIABNAGEAYwBoAGkAbgBlACAATABlAGEAcgBuAGkAbgBnAC0AUwBwAHIAaQBuAGcAZQByACAAKAAyADAAMQAxACkALgBwAGQAZgAPABoADABNAGEAYwBpAG4AdABvAHMAaAAgAEgARAASAKRVc2Vycy9wYXQvRG9jdW1lbnRzL0dpdEh1Yi9Db21wdXRhdGlvbmFsLXN0YXQvRmluYWwgcHJvamVjdC9GaW5hbF9yZWZlcmVuY2VzLzMuIENocmlzdG9waGVyIE0uIEJpc2hvcCAtIFBhdHRlcm4gUmVjb2duaXRpb24gYW5kIE1hY2hpbmUgTGVhcm5pbmctU3ByaW5nZXIgKDIwMTEpLnBkZgATAAEvAAAVAAIACv//AAAACAANABoAJACPAAAAAAAAAgEAAAAAAAAABQAAAAAAAAAAAAAAAAAAA3E=}}

@article{Breiman1996,
	abstract = {Bagging predictors is a method for generating multiple versions of a predictor and using these to get an aggregated predictor. The aggregation averages over the versions when predicting a numerical outcome and does a plurality vote when predicting a class. The multiple versions are formed by making bootstrap replicates of the learning set and using these as new learning sets. Tests on real and simulated data sets using classification and regression trees and subset selection in linear regression show that bagging can give substantial gains in accuracy. The vital element is the instability of the prediction method. If perturbing the learning set can cause significant changes in the predictor constructed, then bagging can improve accuracy.},
	author = {Breiman, Leo},
	date-modified = {2023-06-12 23:31:41 +0200},
	file = {/Users/pat/Desktop/Data Analytics /Primo Anno /Terzo Trimestre/Computational Statistics /Assignments /Final_Project/References/Bagging Predictors - Breiman.pdf},
	journal = {Machine Learning},
	keywords = {Aggregation Bootstrap,Averaging,Combining},
	number = {2},
	pages = {123--140},
	title = {{Bagging predictions}},
	volume = {24},
	year = {1996},
	bdsk-file-1 = {YnBsaXN0MDDSAQIDBFxyZWxhdGl2ZVBhdGhZYWxpYXNEYXRhXxAqRmluYWxfcmVmZXJlbmNlcy8xLiBCYWdnaW5nIHByZWRpY3RvcnMucGRmTxEB5gAAAAAB5gACAAAMTWFjaW50b3NoIEhEAAAAAAAAAAAAAAAAAAAA4Ap9+UJEAAH/////GTEuIEJhZ2dpbmcgcHJlZGljdG9ycy5wZGYAAAAAAAAAAAAAAAAAAAAAAAAAAAAAAAAAAAAAAAAAAAAAAAAAAP/////grJKKAAAAAAAAAAAAAQADAAAKIGN1AAAAAAAAAAAAAAAAABBGaW5hbF9yZWZlcmVuY2VzAAIAaC86VXNlcnM6cGF0OkRvY3VtZW50czpHaXRIdWI6Q29tcHV0YXRpb25hbC1zdGF0OkZpbmFsIHByb2plY3Q6RmluYWxfcmVmZXJlbmNlczoxLiBCYWdnaW5nIHByZWRpY3RvcnMucGRmAA4ANAAZADEALgAgAEIAYQBnAGcAaQBuAGcAIABwAHIAZQBkAGkAYwB0AG8AcgBzAC4AcABkAGYADwAaAAwATQBhAGMAaQBuAHQAbwBzAGgAIABIAEQAEgBmVXNlcnMvcGF0L0RvY3VtZW50cy9HaXRIdWIvQ29tcHV0YXRpb25hbC1zdGF0L0ZpbmFsIHByb2plY3QvRmluYWxfcmVmZXJlbmNlcy8xLiBCYWdnaW5nIHByZWRpY3RvcnMucGRmABMAAS8AABUAAgAK//8AAAAIAA0AGgAkAFEAAAAAAAACAQAAAAAAAAAFAAAAAAAAAAAAAAAAAAACOw==}}

@book{Hastie,
	abstract = {A new, minimally invasive procedure for female stress incontinence has recently been developed in which a prolene tape is placed without tension under mid-urethra, usually using local anaesthesia and mild sedation. Post-operative catheterisation is not employed. Forty-two women with urodynamically verified severe urinary stress incontinence were operated on in 1996 and 1997. They underwent subjective and objective follow-up in 1998 with mean follow-up time 16 months, range 6-27 months. The procedure was well tolerated. All patients except four (90.2%) were discharged within 24 hours. Subjectively, 85.4% were cured and a further 9.8% had slight incontinence only and used no protection. Objectively, 80.5% were cured and 12.2% were >90% improved. There were no cases of long term voiding problems, recurrent urinary tract infections, de novo urge incontinence, or sling rejections. With medium term follow-up this procedure appears to have good results and few complications.},
	author = {Hastie, Trevor, et. all.},
	booktitle = {Springer Series in Statistics},
	chapter = {9},
	date-modified = {2023-06-13 00:08:34 +0200},
	file = {/Users/pat/Desktop/Data Analytics /Primo Anno /Terzo Trimestre/Computational Statistics /Assignments /Final_Project/References/ESLII_print12_toc.pdf},
	number = {2},
	pages = {745},
	read = {0},
	title = {{The Elements of Statistical Learning}},
	volume = {27},
	year = {2009},
	bdsk-url-1 = {http://www.springerlink.com/index/D7X7KX6772HQ2135.pdf}}
